<?xml version="1.0" encoding="utf-8"?>
<record xmlns="http://www.loc.gov/MARC21/slim" xmlns:xsi="http://www.w3.org/2001/XMLSchema-instance" xsi:schemaLocation="http://www.loc.gov/MARC21/slim http://www.loc.gov/standards/marcxml/schema/MARC21slim.xsd">
	<leader>     nam a22        4500</leader>
	<controlfield tag="001">2958128</controlfield>
	<controlfield tag="003">NNC</controlfield>
	<controlfield tag="006">m        d        </controlfield>
	<controlfield tag="007">cr cn |||m|||a</controlfield>
	<controlfield tag="008">150723s1911    ua bcef o     000 0 arard</controlfield>
	<datafield ind1=" " ind2=" " tag="040">
		<subfield code="a">NNU</subfield>
		<subfield code="b">eng</subfield>
		<subfield code="e">rda</subfield>
		<subfield code="c">NNU</subfield>
	</datafield>
	<datafield ind1=" " ind2=" " tag="043">
		<subfield code="a">a-su---</subfield>
	</datafield>
	<datafield ind1=" " ind2="4" tag="050">
		<subfield code="a">BP187.3</subfield>
		<subfield code="b">.B37 1911</subfield>
	</datafield>
	<datafield ind1="1" ind2=" " tag="100">
		<subfield code="6">880-01</subfield>
		<subfield code="a">Batanūnī, Muḥammad Labīb. </subfield>
	</datafield>
	<datafield ind1="1" ind2="3" tag="245">
		<subfield code="6">880-02</subfield>
		<subfield code="a">al-Riḥlah al-Ḥijāzīyah :</subfield>
		<subfield code="b">li-Walī al-Niʻam al-Ḥājj ʻAbbās Ḥilmī Bāshā al-Thānī Khadīw Miṣr /</subfield>
		<subfield code="c">bi-qalam Muḥammad Labīb al-Batanūnī.</subfield>
	</datafield>
	<datafield ind1=" " ind2=" " tag="250">
		<subfield code="6">880-03</subfield>
		<subfield code="a">al-Ṭabʻah al-thāniyah baʻda taḥqīḥihā wa-tahdhībihā wa-ziyādat ashyāʼ kathīrah muhimmah ʻalayhā.</subfield>
	</datafield>
	<datafield ind1=" " ind2=" " tag="260">
		<subfield code="6">880-04</subfield>
		<subfield code="a">Miṣr :</subfield>
		<subfield code="b">Maṭbaʻat al-Jamālīyah,</subfield>
		<subfield code="c">1329 [i.e. 1911]</subfield>
	</datafield>
	<datafield ind1=" " ind2=" " tag="300">
		<subfield code="a">online resource (4, 54, 334 pages) :</subfield>
		<subfield code="b">plates, portrait, maps (some folded) genealogical table, plans</subfield>
	</datafield>
	<datafield ind1=" " ind2=" " tag="336">
		<subfield code="a">text</subfield>
		<subfield code="2">rdacontent</subfield>
	</datafield>
	<datafield ind1=" " ind2=" " tag="337">
		<subfield code="a">computer</subfield>
		<subfield code="2">rdamedia</subfield>
	</datafield>
	<datafield ind1=" " ind2=" " tag="338">
		<subfield code="a">online resource</subfield>
		<subfield code="2">rdacarrier</subfield>
	</datafield>
	<datafield ind1=" " ind2=" " tag="500">
		<subfield code="a">Part of the Arabic Collections Online (ACO) project, contributed by Columbia University Libraries.</subfield>
	</datafield>
	<datafield ind1=" " ind2=" " tag="533">
		<subfield code="a">Electronic reproduction.</subfield>
		<subfield code="b">New York, N.Y. :</subfield>
		<subfield code="c">New York University,</subfield>
		<subfield code="d">2015.</subfield>
		<subfield code="5">NNU</subfield>
	</datafield>
	<datafield ind1="0" ind2="0" tag="600">
		<subfield code="6">880-05</subfield>
		<subfield code="a">ʻAbbās</subfield>
		<subfield code="b">II,</subfield>
		<subfield code="c">Khedive of Egypt,</subfield>
		<subfield code="d">1874-1944.</subfield>
	</datafield>
	<datafield ind1="1" ind2="0" tag="600">
		<subfield code="a">Batanūnī, Muḥammad Labīb.</subfield>
	</datafield>
	<datafield ind1=" " ind2="0" tag="650">
		<subfield code="a">Muslim pilgrims and pilgrimages</subfield>
		<subfield code="z">Saudi Arabia</subfield>
		<subfield code="z">Mecca.</subfield>
	</datafield>
	<datafield ind1=" " ind2="0" tag="651">
		<subfield code="a">Hejaz (Saudi Arabia)</subfield>
		<subfield code="x">Description and travel.</subfield>
	</datafield>
	<datafield ind1=" " ind2="0" tag="651">
		<subfield code="a">Mecca (Saudi Arabia)</subfield>
		<subfield code="x">Description and travel.</subfield>
	</datafield>
	<datafield ind1=" " ind2="0" tag="650">
		<subfield code="a">Islamic shrines</subfield>
		<subfield code="z">Saudi Arabia.</subfield>
	</datafield>
	<datafield ind1="0" ind2="7" tag="600">
		<subfield code="a">ʻAbbās</subfield>
		<subfield code="b">II,</subfield>
		<subfield code="c">Khedive of Egypt,</subfield>
		<subfield code="d">1874-1944</subfield>
		<subfield code="2">fast</subfield>
		<subfield code="0">(OCoLC)fst00109391</subfield>
	</datafield>
	<datafield ind1="1" ind2="7" tag="600">
		<subfield code="a">Batanūnī, Muḥammad Labīb.</subfield>
		<subfield code="2">fast</subfield>
		<subfield code="0">(OCoLC)fst00161983</subfield>
	</datafield>
	<datafield ind1=" " ind2="7" tag="650">
		<subfield code="a">Islamic shrines.</subfield>
		<subfield code="2">fast</subfield>
		<subfield code="0">(OCoLC)fst00980069</subfield>
	</datafield>
	<datafield ind1=" " ind2="7" tag="650">
		<subfield code="a">Muslim pilgrims and pilgrimages.</subfield>
		<subfield code="2">fast</subfield>
		<subfield code="0">(OCoLC)fst01030970</subfield>
	</datafield>
	<datafield ind1=" " ind2="7" tag="650">
		<subfield code="a">Travel.</subfield>
		<subfield code="2">fast</subfield>
		<subfield code="0">(OCoLC)fst01155558</subfield>
	</datafield>
	<datafield ind1=" " ind2="7" tag="651">
		<subfield code="a">Saudi Arabia.</subfield>
		<subfield code="2">fast</subfield>
		<subfield code="0">(OCoLC)fst01210372</subfield>
	</datafield>
	<datafield ind1=" " ind2="7" tag="651">
		<subfield code="a">Saudi Arabia</subfield>
		<subfield code="z">Hejaz.</subfield>
		<subfield code="2">fast</subfield>
		<subfield code="0">(OCoLC)fst01291494</subfield>
	</datafield>
	<datafield ind1=" " ind2="7" tag="651">
		<subfield code="a">Saudi Arabia</subfield>
		<subfield code="z">Mecca.</subfield>
		<subfield code="2">fast</subfield>
		<subfield code="0">(OCoLC)fst01204780</subfield>
	</datafield>
	<datafield ind1="2" ind2=" " tag="710">
		<subfield code="a">Columbia University.</subfield>
		<subfield code="b">Libraries.</subfield>
	</datafield>
	<datafield ind1="0" ind2=" " tag="730">
		<subfield code="a">Arabic Collections Online.</subfield>
	</datafield>
	<datafield ind1="0" ind2="8" tag="776">
		<subfield code="i">Print version:</subfield>
		<subfield code="a">Batanūnī, Muḥammad Labīb.</subfield>
		<subfield code="t">al-Riḥlah al-Ḥijāzīyah</subfield>
		<subfield code="w">(NNC)2958128</subfield>
		<subfield code="w">(OCoLC)17793161</subfield>
	</datafield>
	<datafield ind1="4" ind2="0" tag="856">
		<subfield code="u">http://hdl.handle.net/2333.1/547d8006</subfield>
	</datafield>
	<datafield ind1="1" ind2=" " tag="880">
		<subfield code="6">100-01</subfield>
		<subfield code="a">بتنوني، محمد لبيب. </subfield>
	</datafield>
	<datafield ind1="1" ind2="2" tag="880">
		<subfield code="6">245-02</subfield>
		<subfield code="a">الرحلة الحجازية :</subfield>
		<subfield code="b">لولي النعم الحاج عباس حلمي باشا الثاني خديو مصر /</subfield>
		<subfield code="c">بقلم محمد لبيب البتنوني.</subfield>
	</datafield>
	<datafield ind1=" " ind2=" " tag="880">
		<subfield code="6">250-03</subfield>
		<subfield code="a">الطبعة الثانية بعد تحقيحها وتهذيبها وزيادة اشياء كثيرة مهمة عليها.</subfield>
	</datafield>
	<datafield ind1=" " ind2=" " tag="880">
		<subfield code="6">260-04</subfield>
		<subfield code="a">مصر :</subfield>
		<subfield code="b">مطبعة الجمالية،</subfield>
		<subfield code="c">1329 [ا.. 1911]</subfield>
	</datafield>
	<datafield ind1="0" ind2="4" tag="880">
		<subfield code="6">600-05</subfield>
		<subfield code="a">عباس</subfield>
		<subfield code="b">II,</subfield>
		<subfield code="c">Khedive of Egypt,</subfield>
		<subfield code="d">1874-1944.</subfield>
	</datafield>
	<datafield ind1=" " ind2=" " tag="959">
		<subfield code="a">NNU</subfield>
		<subfield code="b">WEB</subfield>
		<subfield code="c">GENI</subfield>
		<subfield code="t">0</subfield>
		<subfield code="m">Electronic access</subfield>
		<subfield code="s">01</subfield>
	</datafield>
	<datafield ind1=" " ind2=" " tag="999">
		<subfield code="i">NNC_2958128</subfield>
		<subfield code="o">(OCoLC)ocm17793161</subfield>
		<subfield code="s">columbia_aco000759</subfield>
		<subfield code="e">(ERROR-880)</subfield>
		<subfield code="s">columbia_aco000759</subfield>
	</datafield>
</record>
